<?xml version="1.0" encoding="UTF-8"?><collection xmlns="http://www.loc.gov/MARC21/slim"><record><leader>00470nam--2200169-i-4500</leader><controlfield tag="001">000041597</controlfield><controlfield tag="002">20161230</controlfield><controlfield tag="005">20161230201043</controlfield><controlfield tag="008">060222s1000------------r-----000-0-eng-d</controlfield><datafield ind1=" " ind2=" " tag="040"><subfield code="a">IFIN-HH</subfield></datafield><datafield ind1=" " ind2=" " tag="080"><subfield code="a">62-52</subfield></datafield><datafield ind1="1" ind2=" " tag="100"><subfield code="a">Siljak,Dragoslav D</subfield></datafield><datafield ind1="1" ind2="0" tag="245"><subfield code="a">Nonlinear systems</subfield><subfield code="b">The parameter analysis and design</subfield><subfield code="c">Dragoslav d. siljak</subfield></datafield><datafield ind1=" " ind2=" " tag="260"><subfield code="a">TORONTO</subfield><subfield code="b">John Wiley &amp; Sons, Inc</subfield><subfield code="c">1969</subfield></datafield><datafield ind1=" " ind2=" " tag="300"><subfield code="a">XVII + 618 P</subfield></datafield><datafield ind1=" " ind2=" " tag="852"><subfield code="a">32165</subfield><subfield code="c">62-52</subfield></datafield><datafield ind1=" " ind2=" " tag="CAT"><subfield code="a">Sys</subfield><subfield code="c">20101217</subfield><subfield code="h">131714</subfield></datafield></record></collection>